<?xml version="1.0" encoding="UTF-8"?>
<record xmlns="http://www.loc.gov/MARC21/slim">
   <leader>02412cam a22003495a 4500</leader>
   <controlfield tag="001">1468692</controlfield>
   <controlfield tag="003">NjP</controlfield>
   <controlfield tag="005">20190705143654.0</controlfield>
   <controlfield tag="008">940907s1886    ti            000 0 arard</controlfield>
   <datafield tag="024" ind1="7" ind2=" ">
      <subfield code="a">princeton_aco004459</subfield>
      <subfield code="2">local</subfield>
   </datafield>
   <datafield ind1=" " ind2=" " tag="035">
      <subfield code="9">CEM3864TS</subfield>
   </datafield>
   <datafield ind1=" " ind2=" " tag="035">
      <subfield code="a">(NjP)1468692</subfield>
   </datafield>
   <datafield ind1=" " ind2=" " tag="040">
      <subfield code="a">NDD</subfield>
      <subfield code="c">PUL</subfield>
      <subfield code="d">PUL</subfield>
   </datafield>
   <datafield ind1=" " ind2=" " tag="049">
      <subfield code="a">PULL</subfield>
   </datafield>
   <datafield ind1=" " ind2=" " tag="092">
      <subfield code="a">297.4</subfield>
      <subfield code="b">M984, K62, 1886</subfield>
   </datafield>
   <datafield ind1=" " ind2=" " tag="035">
      <subfield code="a">(OCoLC)ocm31058462</subfield>
   </datafield>
   <datafield ind1="1" ind2=" " tag="100">
      <subfield code="6">880-01</subfield>
      <subfield code="a">Mursī, Aḥmad ibn ʻUmar,</subfield>
      <subfield code="d">-1287 or 1288.</subfield>
      <subfield code="0">http://id.loc.gov/authorities/names/nr92025922</subfield>
   </datafield>
   <datafield ind1="1" ind2="0" tag="245">
      <subfield code="6">880-02</subfield>
      <subfield code="a">Kitab latāʼif al-minan fī manāqib ʻilm al-muhtadīn wa qudwah al-sāliktn /</subfield>
      <subfield code="c">Sīdī Abīʼl-ʻAbbās Ahmad b. ʻUmar al-Anṣārī al-Murṣī. "ʻAwārif al-maʻārif bi lā irtiyab", Sīdī Abī'l-Hasan al-Shādhilī / Shaykh imām Tāj al-Dīn Abī'l-Faḍl Aḥmad b. Fakhral-Dīn Abī Bakr Muḥammad b. Rashīd al-Dīn Abī Muḥammad ʻAbd al-Karīm ibn ʻAṭāʼ Allah.</subfield>
   </datafield>
   <datafield ind1=" " ind2=" " tag="260">
      <subfield code="6">880-03</subfield>
      <subfield code="a">[Tunisia] :</subfield>
      <subfield code="b">Maṭbaʻah al-Dawlah al-Tūnisȳah bi Hāḍaratihā al-Maḥnīyah,</subfield>
      <subfield code="c">1304 [1886?]</subfield>
   </datafield>
   <datafield ind1=" " ind2=" " tag="300">
      <subfield code="a">187 p. ;</subfield>
      <subfield code="c">23 cm.</subfield>
   </datafield>
   <datafield ind1=" " ind2="0" tag="650">
      <subfield code="a">Sufism.</subfield>
      <subfield code="0">http://id.loc.gov/authorities/subjects/sh85129660</subfield>
   </datafield>
   <datafield ind1="1" ind2=" " tag="700">
      <subfield code="6">880-04</subfield>
      <subfield code="a">Ibn ʻAṭāʼ Allāh, Aḥmad ibn Muḥammad,</subfield>
      <subfield code="d">-1309.</subfield>
      <subfield code="0">http://id.loc.gov/authorities/names/n79073518</subfield>
   </datafield>
   <datafield ind1="0" ind2=" " tag="740">
      <subfield code="6">880-05</subfield>
      <subfield code="a">Latāʼif al-minan fī manāqib ʻilm al-muhtadīn wa qudwah al-sāliktn.</subfield>
   </datafield>
   <datafield ind1="1" ind2=" " tag="880">
      <subfield code="6">100-01/r</subfield>
      <subfield code="a">مرسي، احمد بن عمر،</subfield>
      <subfield code="d">-1287 or 1288.</subfield>
   </datafield>
   <datafield ind1="1" ind2="0" tag="880">
      <subfield code="6">245-02/r</subfield>
      <subfield code="a">كتب لتائف المنن في مناقب علم المهتدين و قدوة السالكتن /</subfield>
      <subfield code="c">سيدي ابيءلعباس اهمد ب. عمر الانصاري المرصي. "عوارف المعارف ب لا ارتيب"، سيدي ابي'لهسن الشاذلي / شيخ امام تاج الدين ابي'لفضل احمد ب. فخرلدين ابي بكر محمد ب. رشيد الدين ابي محمد عبد الكريم بن عطاء الة.</subfield>
   </datafield>
   <datafield ind1=" " ind2=" " tag="880">
      <subfield code="6">260-03/r</subfield>
      <subfield code="a">[تنس] :</subfield>
      <subfield code="b">مطبعة الدولة التونسية ب هاضرتها المحنية،</subfield>
      <subfield code="c">1304 [1886?]</subfield>
   </datafield>
   <datafield ind1="1" ind2=" " tag="880">
      <subfield code="6">700-04/r</subfield>
      <subfield code="a">ابن عطاء الله، احمد بن محمد،</subfield>
      <subfield code="d">-1309.</subfield>
   </datafield>
   <datafield ind1="0" ind2=" " tag="880">
      <subfield code="6">740-05/r</subfield>
      <subfield code="a">لتائف المنن في مناقب علم المهتدين و قدوة السالكتن.</subfield>
   </datafield>
   <datafield ind1="4" ind2=" " tag="856">
      <subfield code="u">http://hdl.handle.net/2027/njp.32101077781928</subfield>
   </datafield>
   <datafield ind1=" " ind2=" " tag="947">
      <subfield code="a">CEM3864</subfield>
   </datafield>
   <datafield ind1=" " ind2=" " tag="911">
      <subfield code="a">20000130</subfield>
   </datafield>
   <datafield ind1=" " ind2=" " tag="994">
      <subfield code="a">C0</subfield>
      <subfield code="b">PUL</subfield>
   </datafield>
   <datafield ind1=" " ind2=" " tag="999">
      <subfield code="a">1468692</subfield>
   </datafield>
   <datafield ind1=" " ind2=" " tag="979">
      <subfield code="a">(OCoLC)ocn176842778</subfield>
   </datafield>
   <datafield ind1="8" ind2="0" tag="852">
      <subfield code="0">1683217</subfield>
      <subfield code="b">rcppa</subfield>
      <subfield code="t">0</subfield>
      <subfield code="h">2271.41.356.11</subfield>
      <subfield code="x">tr fr f</subfield>
   </datafield>
   <datafield ind1="8" ind2=" " tag="852">
      <subfield code="0">8695956</subfield>
      <subfield code="b">elf1</subfield>
      <subfield code="h">Electronic Resource</subfield>
   </datafield>
   <datafield ind1=" " ind2=" " tag="959">
      <subfield code="a">2000-06-08 00:00:00 -0500</subfield>
   </datafield>
</record>
